<?xml version="1.0" encoding="UTF-8"?><record xmlns="http://www.loc.gov/MARC21/slim" xmlns:cinclude="http://apache.org/cocoon/include/1.0" xmlns:zs="http://www.loc.gov/zing/srw/">
  <leader>00577nz  a2200145n  4500</leader>
  <controlfield tag="001">n  94025904 </controlfield>
  <controlfield tag="003">DLC</controlfield>
  <controlfield tag="005">19940316174732.1</controlfield>
  <controlfield tag="008">940316n| acannaab|          |a aaa |||  </controlfield>
  <datafield tag="010" ind1=" " ind2=" ">
    <subfield code="a">n  94025904 </subfield>
  </datafield>
  <datafield tag="040" ind1=" " ind2=" ">
    <subfield code="a">DLC</subfield>
    <subfield code="c">DLC</subfield>
  </datafield>
  <datafield tag="100" ind1="1" ind2="0">
    <subfield code="a">Pabrėža, Jurgis Ambraziejus,</subfield>
    <subfield code="d">1771-1849</subfield>
  </datafield>
  <datafield tag="400" ind1="1" ind2="0">
    <subfield code="w">nna</subfield>
    <subfield code="a">Pabrėža, Jurgis,</subfield>
    <subfield code="d">1771-1849</subfield>
  </datafield>
  <datafield tag="670" ind1=" " ind2=" ">
    <subfield code="a">Gidžiūnas, V. Jurgis Ambraziejus Pabrėža, 1993:</subfield>
    <subfield code="b">t.p. (Jurgis Ambraziejus Pabrėža, 1771-1849) p. 3 (b. 1-15-1771; Kun. Jurgis Pabrėža) p. 220 (d. 10-30-1849)</subfield>
  </datafield>
  <datafield tag="670" ind1=" " ind2=" ">
    <subfield code="a">LC manual cat.</subfield>
    <subfield code="b">(hdg.: Pabrėža, Jurgis, 1771-1849)</subfield>
  </datafield>
</record>